%% This BibTeX bibliography file was created using BibDesk.
%% http://bibdesk.sourceforge.net/


%% Created for rwoldford at 2017-03-26 19:15:48 -0400 


%% Saved with string encoding Unicode (UTF-8) 



@periodical{nochargeFBINov,
	Author = {Alan Yuhas and Sbrina Siddiqui and Ben Jacobs and Spencer Ackerman},
	Date-Added = {2017-03-26 22:18:41 +0000},
	Date-Modified = {2017-03-26 23:15:33 +0000},
	Journal = {The Guardian},
	Lastchecked = {March 26 2017},
	Month = {November},
	Title = {{FBI} has found no criminal wrongdoing in new {Clinton} emails, says {Comey}},
	Url = {https://www.theguardian.com/us-news/2016/nov/06/fbi-director-hillary-clinton-email-investigation-criminal-james-comey},
	Volume = {November 7},
	Year = {2016}}

@webpage{nochargeFBI,
	Author = {Mark Landler and Eric Lichtblau},
	Date-Added = {2017-03-26 21:57:45 +0000},
	Date-Modified = {2017-03-26 22:00:29 +0000},
	Journal = {The New York Times},
	Title = {{F.B.I. Director James Comey} Recommends No Charges for {Hillary Clinton} on Email},
	Url = {https://www.nytimes.com/2016/07/06/us/politics/hillary-clinton-fbi-email-comey.html},
	Volume = {July 5},
	Year = {2016}}

@periodical{serverClassified,
	Author = {Michael S. Schmidt and Matt Apuzzo},
	Date-Added = {2017-03-26 21:36:55 +0000},
	Date-Modified = {2017-03-26 21:38:50 +0000},
	Journal = {The New York Times},
	Lastchecked = {March 26 2017},
	Month = {July},
	Title = {{Hillary Clinton} Emails Said to Contain Classified Data},
	Url = {https://www.nytimes.com/2015/07/25/us/politics/hillary-clinton-email-classified-information-inspector-general-intelligence-community.html?mtrref=undefined&gwh=04E8AC1D666671161844D8ABC3D9C9DC&gwt=pay&assetType=nyt_now},
	Volume = {July 24},
	Year = {2015}}

@periodical{immunityIT,
	Author = {Adam Goldman and Michael S. Schmidt},
	Date-Added = {2017-03-26 21:28:14 +0000},
	Date-Modified = {2017-03-26 21:30:05 +0000},
	Journal = {The New York Times},
	Lastchecked = {March 26 2017},
	Month = {September},
	Title = {Justice Dept. Granted Immunity to Specialist Who Deleted {Hillary Clinton's} Emails},
	Url = {https://www.nytimes.com/2016/09/09/us/politics/hillary-clinton-emails-investigation.html?mtrref=www.google.ca},
	Volume = {September 8},
	Year = {2016}}

@periodical{serverScrubbedLawyer,
	Author = {Michael S. Schmidt},
	Date-Added = {2017-03-26 20:55:57 +0000},
	Date-Modified = {2017-03-26 20:59:10 +0000},
	Journal = {The New York Times},
	Lastchecked = {March 26 2017},
	Month = {March},
	Title = {No Copies of {Clinton} Emails on Server, Lawyer Says},
	Url = {https://www.nytimes.com/2015/03/28/us/politics/no-copies-of-hillary-clinton-emails-on-server-lawyer-says.html},
	Volume = {March 27},
	Year = {2015}}

@webpage{cleanServerLawyer,
	Author = {Michael S. Schmidt},
	Date-Added = {2017-03-26 20:49:06 +0000},
	Date-Modified = {2017-03-26 20:50:38 +0000},
	Journal = {The New York Times},
	Lastchecked = {March 26 2017},
	Month = {March},
	Title = {No Copies of {Clinton} Emails on Server, Lawyer Says},
	Url = {https://www.nytimes.com/2015/03/28/us/politics/no-copies-of-hillary-clinton-emails-on-server-lawyer-says.html},
	Volume = {March  27},
	Year = {2015}}

@periodical{housePrivateTalk,
	Author = {Michael S. Schmidt},
	Date-Added = {2017-03-26 20:45:14 +0000},
	Date-Modified = {2017-03-26 20:59:06 +0000},
	Journal = {The New York Times},
	Lastchecked = {March 26 2017},
	Month = {March},
	Title = {House Panel Seeks Private Talk With {Hillary Clinton} About Email},
	Url = {https://www.nytimes.com/2015/04/01/us/politics/hillary-clinton-email-benghazi-inquiry.html&assetType=nyt_now&_r=0},
	Volume = {March 31},
	Year = {2015}}

@periodical{serverRequest,
	Author = {Michael S. Schmidt},
	Date-Added = {2017-03-26 20:36:37 +0000},
	Date-Modified = {2017-03-26 20:38:59 +0000},
	Journal = {The New York Times},
	Lastchecked = {March 26 2017},
	Title = {{House Bengazi Committee} Requests {Hillary Clinton} Email Server},
	Url = {https://www.nytimes.com/politics/first-draft/2015/03/20/house-benghazi-committee-requests-hillary-clinton-email-server/},
	Volume = {March 20},
	Year = {2015}}

@periodical{clintonDenialGuardian,
	Author = {Yuhas, Alan},
	Date-Added = {2017-03-26 20:20:35 +0000},
	Date-Modified = {2017-03-26 20:24:22 +0000},
	Journal = {The Guardian},
	Keywords = {denial of sending or receiving classified material, video},
	Lastchecked = {March 25 2017},
	Month = {August},
	Title = {{Hillary Clinton}: alleged classified emails simply 'disagreement between agencies'},
	Url = {https://www.theguardian.com/us-news/2015/aug/19/hillary-clinton-dismisses-misconduct-private-email},
	Volume = {August 19},
	Year = {2015}}

@periodical{immunityDailyCaller,
	Author = {Chuck Ross},
	Date-Added = {2017-03-26 18:04:12 +0000},
	Date-Modified = {2017-03-26 18:07:41 +0000},
	Journal = {The Daily Caller},
	Keywords = {immunity},
	Lastchecked = {March 26, 2017},
	Title = {The Immunized Five: Meet the People Covering for {Hillary}},
	Urldate = {http://dailycaller.com/2016/09/23/the-immunized-five-meet-the-people-covering-for-hillary/},
	Volume = {September 23},
	Year = {2016}}

@periodical{immunityPolitico,
	Author = {Josh Gerstein and Nick Gass},
	Date-Added = {2017-03-26 17:48:10 +0000},
	Date-Modified = {2017-03-26 18:06:48 +0000},
	Journal = {Politico},
	Title = {Top {Clinton} aide {Cheryl Mills} granted partial immunity in email investigation},
	Url = {http://www.politico.com/story/2016/09/mills-immunity-228580},
	Volume = {September 23},
	Year = {2016}}

@periodical{emailVetting,
	Author = {Jessica Chia},
	Date-Added = {2017-03-26 17:36:10 +0000},
	Date-Modified = {2017-03-26 18:13:55 +0000},
	Journal = {Mail Online},
	Keywords = {Mills, Samuelson, thumbdrive},
	Lastchecked = {March 26, 2017},
	Month = {September},
	Title = {The brains behind {Clinton's} email 'cover-up': How top aide decided which messages were deleted, sat in on her {FBI} interview and is set to follow her to the {White House}},
	Url = {http://www.dailymail.co.uk/news/article-3773393/Clinton-s-former-Chief-Staff-served-attorney-private-server-investigation.html},
	Volume = {September 4},
	Year = {2016}}

@periodical{TakingRootWashPost,
	Author = {O'Harrow Jr., Robert },
	Date-Added = {2017-03-26 16:55:15 +0000},
	Date-Modified = {2017-03-26 17:12:25 +0000},
	Journal = {The Washington Post},
	Keywords = {Timeline, scandal, Clinton lax about security},
	Lastchecked = {March 26, 2017},
	Month = {March},
	Title = {How {C}linton's email scandal took root},
	Url = {https://www.washingtonpost.com/investigations/how-clintons-email-scandal-took-root/2016/03/27/ee301168-e162-11e5-846c-10191d1fc4ec_story.html?utm_term=.3c0bab53ee45},
	Urldate = {March 27,  2016},
	Volume = {March 27},
	Year = {2016}}

@periodical{WashPostTimeline,
	Author = {Glenn Kessler},
	Date-Added = {2017-03-26 16:23:45 +0000},
	Date-Modified = {2017-03-26 18:09:18 +0000},
	Journal = {The Washington Post},
	Lastchecked = {March 26, 2017},
	Month = {March},
	Title = {{Hillary Clinton's} e-mails: a timeline of actions and regulations},
	Url = {https://www.washingtonpost.com/news/fact-checker/wp/2015/03/10/hillary-clintons-emails-a-timeline-of-actions-and-regulations/?utm_term=.39030cccbfcb},
	Urldate = {March 10, 2015},
	Volume = {March 10},
	Year = {2015}}

@url{BenghaziReport,
	Author = {Trey Gowdy (Chair)},
	Date-Added = {2017-03-25 23:27:30 +0000},
	Date-Modified = {2017-03-26 17:14:28 +0000},
	Lastchecked = {March 25 2017},
	Month = {December},
	Title = {{U}.{S}. {H}ouse of {R}epresentatives {S}elect {C}ommittee On the Events Surrounding the 2012 Terrorist Attack in {B}enghazi},
	Url = {https://www.gpo.gov/fdsys/pkg/CRPT-114hrpt848/pdf/CRPT-114hrpt848.pdf},
	Urldate = {March 25, 2017},
	Year = {2016}}

@periodical{HillaryTobeSecretary,
	Author = {Peter Baker and Helene Cooper},
	Date-Added = {2017-03-25 22:45:46 +0000},
	Date-Modified = {2017-03-26 18:11:15 +0000},
	Journal = {The New York Times},
	Lastchecked = {March 25 2017},
	Month = {November},
	Title = {{Clinton} Is Said to Accept {Secretary of State} Position},
	Url = {http://www.nytimes.com/2008/11/22/us/politics/22obama.html},
	Urldate = {March 25, 2017},
	Volume = {November 21},
	Year = {2008}}

@url{whoisClintonserver,
	Author = {WHOis.net},
	Date-Added = {2017-03-25 22:35:36 +0000},
	Date-Modified = {2017-03-25 23:05:20 +0000},
	Keywords = {Domain Information, date clintonemail.com established,},
	Lastchecked = {March 25 2017},
	Month = {March},
	Title = {clintonemail.com},
	Url = {https://www.whois.com/whois/clintonemail.com},
	Urldate = {March 25, 2017},
	Year = {2017}}

@url{StateDeptFOIA,
	Author = {{U.S. Department of State}},
	Date-Added = {2017-03-25 22:08:34 +0000},
	Date-Modified = {2017-03-26 17:17:54 +0000},
	Lastchecked = {March 25 2017},
	Title = {{Secretary Clinton} Emails},
	Url = {https://foia.state.gov/Search/Results.aspx?collection=Clinton_Email},
	Urldate = {March 3, 2017}}

@webpage{Wikileaks,
	Author = {Wikileaks},
	Date-Added = {2017-03-25 22:05:15 +0000},
	Date-Modified = {2017-03-26 17:19:05 +0000},
	Lastchecked = {March 25 2017},
	Month = {March},
	Title = {{Hillary Clinton} Email Archive},
	Url = {https://wikileaks.org/clinton-emails/},
	Urldate = {March 3, 2017},
	Year = {2017}}

@url{FOIA,
	Author = {United States Congress},
	Date-Added = {2017-03-25 21:57:14 +0000},
	Date-Modified = {2017-03-26 17:15:20 +0000},
	Keywords = {Full text 552 b },
	Lastchecked = {March 25 2017},
	Title = {The {F}reedom of {I}nformation {A}ct, 5 {U.S.C.} {Sect 522, As amended by Public Law No. 104-231, 110 STAT. 3048}},
	Url = {https://www.justice.gov/oip/blog/foia-update-freedom-information-act-5-usc-sect-552-amended-public-law-no-104-231-110-stat},
	Year = {1996}}

@electronic{ClintonSept11emailBenghazi,
	Author = {Hillary R. Clinton},
	Date-Added = {2017-03-25 19:40:58 +0000},
	Date-Modified = {2017-03-26 17:20:48 +0000},
	Keywords = {AlQaeda, Benghazi attack, Sept. 11, 2012},
	Lastchecked = {March 25 2017},
	Title = {{C05795467 State Dept.} Reproduced to {House Select Benghazi Committee}},
	Url = {http://benghazi.house.gov/sites/republicans.benghazi.house.gov/files/documents/Tab%2050.pdf},
	Urldate = {October 20, 2015}}

@periodical{AttkissonBenghaziBombshell,
	Author = {Sharyl Attkisson},
	Date-Added = {2017-03-25 19:35:11 +0000},
	Date-Modified = {2017-03-26 18:12:55 +0000},
	Journal = {The Daily Signal},
	Keywords = {cables, benghazi, document filtering, Cheryl Mills, Jake Sullivan, Raymond Maxwell},
	Lastchecked = {March 25 2017},
	Month = {September},
	Title = {{Benghazi} Bombshell: {Clinton State Department} Official Reveals Details of Alleged Document Review},
	Url = {http://dailysignal.com/2014/09/15/benghazi-bombshell-clinton-state-department-official-reveals-alleged-details-document-review/},
	Urldate = {September 15, 2014},
	Volume = {September 15},
	Year = {2014}}

@webpage{attkissonTimeline,
	Author = {Sharyl Attkisson},
	Date-Added = {2017-03-25 19:26:59 +0000},
	Date-Modified = {2017-03-26 17:18:20 +0000},
	Lastchecked = {March 25, 2017},
	Month = {November},
	Title = {{Hillary Clinton's} Email: the Definitive Timeline},
	Url = {https://sharylattkisson.com/hillary-clintons-email-the-definitive-timeline/},
	Urldate = {November 2, 2016},
	Year = {2016}}

@webpage{TimeMagEverything,
	Author = {Jack Linshi},
	Date-Added = {2017-03-25 19:20:44 +0000},
	Date-Modified = {2017-03-26 17:13:06 +0000},
	Keywords = {weak article},
	Lastchecked = {March 25, 2017},
	Month = {August},
	Title = {What to Know About the {H}illary {C}linton Email Controversy},
	Url = {http://time.com/3731568/hillary-clinton-email/},
	Year = {2015}}

@periodical{NewYorkTimes2015,
	Author = {Schmidt, Michael T.},
	Date-Added = {2017-03-25 19:13:34 +0000},
	Date-Modified = {2017-03-26 18:14:21 +0000},
	Journal = {The New York Times},
	Keywords = {Public informes},
	Lastchecked = {March 25, 2017},
	Month = {March},
	Title = {{Hillary Clinton} Used Personal Email Account at {State Dept.}, Possibly Breaking Rules},
	Url = {https://www.nytimes.com/2015/03/03/us/politics/hillary-clintons-use-of-private-email-at-state-department-raises-flags.html?_r=0},
	Volume = {March 2},
	Year = {2015}}

@webpage{clintonWikipedia,
	Author = {Wikipedia},
	Date-Added = {2017-03-25 19:09:44 +0000},
	Date-Modified = {2017-03-26 17:19:27 +0000},
	Keywords = {overview, timeline},
	Lastchecked = {March 25, 2017},
	Month = {March},
	Title = {{Hillary Clinton} email controversy},
	Url = {https://en.wikipedia.org/wiki/Hillary_Clinton_email_controversy},
	Urldate = {March 25, 2017},
	Year = {2017}}

@url{thompsonTimeline,
	Author = {Thompson, Paul},
	Date-Added = {2017-03-25 19:00:27 +0000},
	Date-Modified = {2017-03-26 17:20:13 +0000},
	Keywords = {{Clinton} email timeline,  Missing email},
	Lastchecked = {March 25, 2017},
	Month = {November},
	Rating = {3},
	Title = {Clinton Email Investigation Timeline},
	Url = {thompsontimeline.com},
	Urldate = {March 25, 2017},
	Year = {2016}}
